% vim: suffixesadd+=.pdf path+=papers/**/;../../
@inproceedings{ritchie1993,
  author = {Ritchie, Dennis M.},
  title = {The Development of the C Language},
  year = {1993},
  isbn = {0897915704},
  publisher = {Association for Computing Machinery},
  address = {New York, NY, USA},
  url = {https://doi.org/10.1145/154766.155580},
  doi = {10.1145/154766.155580},
  booktitle = {The Second ACM SIGPLAN Conference on History of Programming Languages},
  pages = {201â€“208},
  numpages = {8},
  location = {Cambridge, Massachusetts, USA},
  series = {HOPL-II}
}

@misc{ext4source,
  title = {Ext4 file system tree},
  howpublished = {\url{https://git.kernel.org/pub/scm/linux/kernel/git/tytso/ext4.git/}},
  note = {Accessed on: 2020-06-23}
}

